@book{hahn2013rigid,
  title={Rigid Body Dynamics of Mechanisms: 1 Theoretical Basis},
  author={Hahn, Hubert},
  year={2013},
  publisher={Springer Science \& Business Media}
}


@techreport{romarowski2020edf,
  title={Dynamics and control of gimballed EDF},
  author={Ben Romarowski},
  year={2020},
  institution={LIA Aerospace},
}


@article{castillo2018efectos,
  title={Efectos en la resoluci{\'o}n de servomotores con interfaz PWM por la generaci{\'o}n de se{\~n}ales en microcontroladores},
  author={Castillo-Mart{\'\i}nez, Miguel {\'A}ngel and Carvajal-G{\'a}mez, Blanca Esther and Funes, Francisco Javier Gallegos},
  journal={Research in Computing Science},
  volume={147},
  pages={89--98},
  year={2018}
}
